<record><leader>00000cas a2200000 a 4500</leader><controlfield tag="001">27308570</controlfield><controlfield tag="008">930122d19351969iluwr ne      0   a0eng c</controlfield><datafield ind1=" " ind2=" " tag="010"><subfield code="a">sn 93055386 </subfield></datafield><datafield ind1=" " ind2=" " tag="040"><subfield code="a">NVF</subfield><subfield code="b">eng</subfield><subfield code="c">NVF</subfield><subfield code="d">OCLCQ</subfield><subfield code="d">CVF</subfield><subfield code="d">NVF</subfield><subfield code="d">OCLCQ</subfield><subfield code="d">NVF</subfield><subfield code="d">OCLCO</subfield></datafield><datafield ind1="1" ind2=" " tag="029"><subfield code="a">AU@</subfield><subfield code="b">000026474221</subfield></datafield><datafield ind1=" " ind2=" " tag="042"><subfield code="a">pcc</subfield></datafield><datafield ind1=" " ind2=" " tag="043"><subfield code="a">n-us-il</subfield></datafield><datafield ind1="0" ind2="0" tag="245"><subfield code="a">Leaf River register.</subfield></datafield><datafield ind1=" " ind2=" " tag="260"><subfield code="a">Leaf River, Ill. :</subfield><subfield code="b">[publisher not identified]</subfield></datafield><datafield ind1=" " ind2=" " tag="300"><subfield code="a">v.</subfield></datafield><datafield ind1=" " ind2=" " tag="310"><subfield code="a">Weekly</subfield></datafield><datafield ind1="1" ind2=" " tag="362"><subfield code="a">Began in 1935?</subfield></datafield><datafield ind1="0" ind2=" " tag="362"><subfield code="a">-v. 35, no. 14 (Jan. 2, 1969) = -whole no. 1835.</subfield></datafield><datafield ind1=" " ind2=" " tag="580"><subfield code="a">Merged with: Byron tribune, and: Stillman Valley news, to form: Tempo (Byron, Ill.).</subfield></datafield><datafield ind1=" " ind2=" " tag="588"><subfield code="a">Description based on: Vol. 2, no. 28 (Apr. 10, 1936) = whole no. 80.</subfield></datafield><datafield ind1=" " ind2="0" tag="651"><subfield code="a">Leaf River (Ill.)</subfield><subfield code="v">Newspapers.</subfield></datafield><datafield ind1=" " ind2=" " tag="752"><subfield code="a">United States</subfield><subfield code="b">Illinois</subfield><subfield code="c">Ogle</subfield><subfield code="d">Leaf River.</subfield></datafield><datafield ind1="1" ind2="7" tag="785"><subfield code="t">Byron tribune</subfield><subfield code="w">(DLC)sn 93055385</subfield><subfield code="w">(OCoLC)27308534</subfield></datafield><datafield ind1="1" ind2="7" tag="785"><subfield code="t">Stillman Valley news</subfield><subfield code="w">(DLC)sn 93055387</subfield><subfield code="w">(OCoLC)27308596</subfield></datafield><datafield ind1="1" ind2="7" tag="785"><subfield code="t">Tempo (Byron, Ill.)</subfield><subfield code="w">(DLC)sn 93055388</subfield><subfield code="w">(OCoLC)27308629</subfield></datafield></record>